@inproceedings{thielscher2009answer,
  title={Answer Set Programming for Single-Player Games in General Game Playing.},
  author={Thielscher, Michael},
  booktitle={ICLP},
  pages={327--341},
  year={2009},
  organization={Springer}
}

@InBook{5FF_rules,
author = {Bell, R.C.},
title = {Board and Table Games from Many Civilizations},
chapter = {3},
publisher = {Dover Publications},
year = {1979},
series={Board and Table Games from Many Civilizations},
url={https://books.google.co.uk/books?id=5viitl9PvBoC},
volume = {1 to 2},
pages = {98},
}

@InBook{9MM_rules,
author = {Bell, R.C.},
title = {Board and Table Games from Many Civilizations},
chapter = {3},
publisher = {Dover Publications},
year = {1979},
series={Board and Table Games from Many Civilizations},
url={https://books.google.co.uk/books?id=5viitl9PvBoC},
volume = {1 to 2},
pages = {93--95},
}

@InBook{asalto_rules,
  title={Games of the world: how to make them, how to play them, how they came to be},
  author={Grunfeld, F.V.},
  isbn={9780030152610},
  lccn={75013872},
  url={https://books.google.co.uk/books?id=ZFtLAAAAYAAJ},
  year={1975},
  publisher={Holt, Rinehart and Winston},
  pages = {94--95}
}