@book{goossens93,
    author    = "Goossens, Michel and Mittlebach, Frank and Samarin, Alexander",
    title     = "The Latex Companion",
    year      = "1993",
    publisher = "Addison-Wesley",
    address   = "Reading, Massachusetts"
}

@article{greenwade93,
    author  = "Greenwade, George D.",
    title   = "The {C}omprehensive {T}ex {A}rchive {N}etwork ({CTAN})",
    year    = "1993",
    journal = "TUGBoat",
    volume  = "14",
    number  = "3",
    pages   = "342--351"
}